@Misc{opencv_moust,
	author = "Noah Dietrich",
	title = {Adding Mustaches to Webcam Feed with OpenCV and Python},
	year = {2015},
	howpublished = "\url{http://sublimerobots.com/2015/02/dancing-mustaches}",
	note = {Consulté le 08-09-2016},	
}
@Misc{xml,
	author = {Rainer Lienhart},
	title = {Stump-based 24x24 discrete adaboost frontal face detector},
	year = {2013},
	howpublished = {\url{https://github.com/opencv/opencv/blob/master/data/haarcascades/haarcascade\_frontalface\_default.xml}},
	note = {Consulté le 08-09-2016},	
}


@Misc{prog,
	author = {Shantnu Tiwari},
	title = {{Real Python} Face detection in Python using a webcam},
	year = {2014},
	howpublished = {\url{https://realpython.com/blog/python/face-detection-in-python-using-a-webcam}},
	note = {Consulté le 08-09-2016},	
}



@Misc{install_opencv,
	author = {Adrian Rosebrock},
	title = {Install OpenCV 3.0 and Python 2.7+ on Ubuntu},
	year = {2015},
	howpublished = {\url{http://www.pyimagesearch.com/2015/06/22/install-opencv-3-0-and-python-2-7-on-ubuntu}},
	note = {Consulté le 08-09-2016},	
}